@inproceedings{su2010street,
  title={Street fighter IV: braggadocio off and on-line},
  author={Su, Norman Makoto},
  booktitle={Proceedings of the 2010 ACM conference on Computer supported cooperative work},
  pages={361--370},
  year={2010},
  organization={ACM}
}
@misc{evokeyboard,
  title = {The Evo player who’s fighting with a piano},
  howpublished = {https://www.polygon.com/2016/7/16/12207114/evo-2016-player-piano-keyboard-controller}},
  note = {Accessed: 2018-09-30}
}
@misc{socdinput,
  title = {THE KING OF FIGHTERS XIV PERFECT BLOCK: SOCDS AND HOW THEY AFFECT COMPETITIVE FIGHTING GAMES},
  howpublished = {https://www.gamecrate.com/king-fighters-xiv-perfect-block-socds-and-how-they-affect-competitive-fighting-games/14575}},
  note = {Accessed: 2018-10-01}
}
@misc{stickvspad,
  title = {The Joystick Vs The Control Pad},
  howpublished = {http://www.slagcoin.com/joystick/pad.html}},
  note = {Accessed: 2018-11-15}
}
@inproceedings{brown2013evaluating,
  title={Evaluating video game controller usability as related to user hand size},
  author={Brown, Michelle A and MacKenzie, I Scott},
  booktitle={Proceedings of the International Conference on Multimedia and Human Computer Interaction--MHCI 2013},
  pages={114--1},
  year={2013},
  organization={Citeseer}
}
@article {omichands,
author = {},
title = {The Ergonomic Development of Video Game Controllers},
journal = {Journal of Ergonomics},
volume = {7},
number = {4},
publisher = {OMICS International.,},
issn = {2165-7556},
url = {https://www.omicsonline.org/open-access/the-ergonomic-development-of-video-game-controllers-2165-7556-1000209.php?aid=91613},
doi = {10.4172/2165-7556.1000209},
pages = {1-10},
keywords = {<p>Ergonomics; Anthropometrics; Video game controllers; Gaming; Input devices</p>},
year = {2017},
}
@misc{top25,
  title = {TOP 25 VIDEO GAME CONSOLES},
  howpublished = {https://uk.ign.com/lists/top-25-consoles/19}},
  note = {Accessed: 2018-1-15}
}
@INPROCEEDINGS{6000321, 
author={A. Thorpe and M. Ma and A. Oikonomou}, 
booktitle={2011 16th International Conference on Computer Games (CGAMES)}, 
title={History and alternative game input methods}, 
year={2011}, 
volume={}, 
number={}, 
pages={76-93}, 
keywords={computer games;human computer interaction;keyboards;mouse controllers (computers);remote consoles;history game input methods;alternative game input methods;video games;two-player game Project Zion;mouse;keyboard;Xbox 360 controller;Wii Remote;dance mat;Phantom Omni haptic device;SpacePilot Pro;webcam;Games;Keyboards;Mice;Sensors;Computers;History;Tracking;input devices;alternative input;video games;user inter face;game input}, 
doi={10.1109/CGAMES.2011.6000321}, 
ISSN={}, 
month={July}
}
@inproceedings{Gerling:2011:MIG:2181037.2181052,
 author = {Gerling, Kathrin M. and Klauser, Matthias and Niesenhaus, Joerg},
 title = {Measuring the Impact of Game Controllers on Player Experience in FPS Games},
 booktitle = {Proceedings of the 15th International Academic MindTrek Conference: Envisioning Future Media Environments},
 series = {MindTrek '11},
 year = {2011},
 isbn = {978-1-4503-0816-8},
 location = {Tampere, Finland},
 pages = {83--86},
 numpages = {4},
 url = {http://doi.acm.org/10.1145/2181037.2181052},
 doi = {10.1145/2181037.2181052},
 acmid = {2181052},
 publisher = {ACM},
 address = {New York, NY, USA},
 keywords = {first person shooter, game controls, multi-platform development, player engagement, player experience, usability, user experience},
}
@misc{tilley,
  title = {The Measure of Man and Woman},
  howpublished = {https://www.scribd.com/doc/123283206/The-Measure-of-Man-and-Woman}},
  note = {Accessed: 2018-11-15}
}
@article{berguer2004relationship,
  title={The relationship between hand size and difficulty using surgical instruments: a survey of 726 laparoscopic surgeons},
  author={Berguer, R and Hreljac, A},
  journal={Surgical Endoscopy and Other Interventional Techniques},
  volume={18},
  number={3},
  pages={508--512},
  year={2004},
  publisher={Springer}
}
@misc{megadrive,
  title = {Mega Drive/Genesis},
  howpublished = {https://en.wikipedia.org/wiki/Sega_Genesis}},
  note = {Accessed: 2018-11-16}
}
@misc{genderdistribution2006,
  title = {Distribution of computer and video gamers in the United States from 2006 to 2018, by gender},
  howpublished = {https://www.statista.com/statistics/232383/gender-split-of-us-computer-and-video-gamers/}},
  note = {Accessed: 2018-11-26}
}
@misc{womenmobilegaming,
  title = {THE WORLD OF WOMEN AND MOBILE GAMING},
  howpublished = {http://services.google.com/fh/files/misc/changethegame_white_paper.pdf}},
  note = {Accessed: 2018-11-26}
}
@misc{gameanalyticswomen,
  title = {The Biggest Mobile Gaming Consumers In 2018 (And Beyond) Are Women},
  howpublished = {https://gameanalytics.com/blog/mobile-consumers-women-2018.html}},
  note = {Accessed: 2018-11-26}
}
@article{heatherly2014video,
  title={Video Game Controllers},
  author={Heatherly, Ben and Howard, Logan}
}
@misc{sooa,
  title = {'Female fighting game players are also good at fighting games, I want to prove that' - Sooa talks with BornFree at EVO},
  howpublished = {https://www.eventhubs.com/news/2017/jul/31/female-fighting-game-players-are-also-good-fighting-games-i-want-prove-sooa-talks-bornfree-evo/}},
  note = {Accessed: 2018-11-26}
}
@misc{comboqueens,
  title = {'She's Got Next: The ComboQueens Are FGC's Women On The Rise},
  howpublished = {https://www.twingalaxies.com/feed_details.php/553/shes-got-next-the-comboqueens-are-fgcs-women-on-the-rise/9}},
  note = {Accessed: 2018-11-26}
}
@misc{femalelol,
  title = {Out of the Blue Announces an All-Female League of Legends Team},
  howpublished = {https://www.dbltap.com/posts/5867566-out-of-the-blue-announces-an-all-female-league-of-legends-team}},
  note = {Accessed: 2018-11-27}
}
@misc{zowiemouse,
  title = {Zowie ZA11 Mouse Range},
  howpublished = {https://zowie.benq.eu/en-uk/product/mouse.html},
  note = {Accessed: 2018-11-27}
}
@misc{panellayout,
  title = {Panel Layout},
  howpublished = {https://www.slagcoin.com/joystick/layout.html}},
  note = {Accessed: 2018-11-27}
}
@inproceedings{Su:2010:SFI:1718918.1718981,
 author = {Su, Norman Makoto},
 title = {Street Fighter IV: Braggadocio off and On-line},
 booktitle = {Proceedings of the 2010 ACM Conference on Computer Supported Cooperative Work},
 series = {CSCW '10},
 year = {2010},
 isbn = {978-1-60558-795-0},
 location = {Savannah, Georgia, USA},
 pages = {361--370},
 numpages = {10},
 url = {http://doi.acm.org.ezproxy.falmouth.ac.uk/10.1145/1718918.1718981},
 doi = {10.1145/1718918.1718981},
 acmid = {1718981},
 publisher = {ACM},
 address = {New York, NY, USA},
 keywords = {discourse analysis, fighting games, gaming culture, hype, street fighter iv, trash talking, video arcade, video games},
} 
@misc{controllerchoice,
  title = {Pad v Stick: Tekken’s best players talk about why they love their chosen controllers},
  howpublished = {https://www.trustedreviews.com/news/pad-v-stick-tekkens-best-players-talk-about-why-they-love-their-chosen-controllers-3619997}},
  note = {Accessed: 2018-11-27}
}
@phdthesis{harper2010art,
  title={The art of war: Fighting games, performativity, and social game play},
  author={Harper, Todd L},
  year={2010},
  school={Ohio University}
}